<?xml version="1.0" encoding="UTF-8"?><collection xmlns="http://www.loc.gov/MARC21/slim"><record><leader>00281nam--2200121-i-4500</leader><controlfield tag="001">000013864</controlfield><controlfield tag="002">20161230</controlfield><controlfield tag="005">20161230201030</controlfield><controlfield tag="008">060222s1000------------r-----000-0-eng-d</controlfield><datafield ind1=" " ind2=" " tag="080"><subfield code="a">550.34=03.82=590</subfield></datafield><datafield ind1=" " ind2=" " tag="100"><subfield code="a">Bykhovsku, V</subfield></datafield><datafield ind1=" " ind2=" " tag="245"><subfield code="a">Scarile de intensitate seismica</subfield></datafield><datafield ind1=" " ind2=" " tag="852"><subfield code="a">47783</subfield></datafield></record></collection>